<?xml version="1.0" encoding="UTF-8"?><collection xmlns="http://www.loc.gov/MARC21/slim"><record><leader>00384nam--2200133-i-4500</leader><controlfield tag="001">000048042</controlfield><controlfield tag="002">20161230</controlfield><controlfield tag="005">20161230201046</controlfield><controlfield tag="008">060222s1000------------r-----000-0-eng-d</controlfield><datafield ind1=" " ind2=" " tag="080"><subfield code="a">539.144(043)</subfield></datafield><datafield ind1=" " ind2=" " tag="100"><subfield code="a">Zimmer, Karl Wilhelm</subfield></datafield><datafield ind1=" " ind2=" " tag="245"><subfield code="a">Densitati de stari si nivel ale nucleelor inalt excitate. teza</subfield></datafield><datafield ind1=" " ind2=" " tag="260"><subfield code="a">Bucuresti, Institutul Central De Fizica, 1987, 190p</subfield></datafield><datafield ind1=" " ind2=" " tag="852"><subfield code="a">74275</subfield></datafield></record></collection>